<record><leader>00000cas a22000007a 4500</leader><controlfield tag="001">23031555</controlfield><controlfield tag="008">910130c18789999mauwr ne      0    0eng d</controlfield><datafield ind1=" " ind2=" " tag="010"><subfield code="a">sn 89063471 </subfield></datafield><datafield ind1=" " ind2=" " tag="040"><subfield code="a">MGN</subfield><subfield code="b">eng</subfield><subfield code="c">MGN</subfield><subfield code="d">OCLCQ</subfield></datafield><datafield ind1=" " ind2=" " tag="042"><subfield code="a">msc</subfield></datafield><datafield ind1="0" ind2="4" tag="245"><subfield code="a">The Winchendon courier.</subfield></datafield><datafield ind1="1" ind2="7" tag="246"><subfield code="a">Winchendon courier and the state line news</subfield><subfield code="f">&lt;1985&gt;</subfield></datafield><datafield ind1=" " ind2=" " tag="260"><subfield code="a">Winchendon, Mass. :</subfield><subfield code="b">F.W. Ward</subfield></datafield><datafield ind1=" " ind2=" " tag="300"><subfield code="a">v.</subfield></datafield><datafield ind1=" " ind2=" " tag="310"><subfield code="a">Weekly</subfield></datafield><datafield ind1="1" ind2=" " tag="362"><subfield code="a">Began Nov. 28, 1878.</subfield></datafield><datafield ind1=" " ind2=" " tag="588"><subfield code="a">Description based on: Vol. 2, no. 38 (Aug. 6, 1880).</subfield></datafield><datafield ind1=" " ind2=" " tag="752"><subfield code="a">United States</subfield><subfield code="b">Massachusetts</subfield><subfield code="c">Worcester</subfield><subfield code="d">Winchendon.</subfield></datafield></record>